//*************//

//**Chapter 2**//

@misc{kumar2021,
      title={A Workflow for Offline Model-Free Robotic Reinforcement Learning}, 
      author={Aviral Kumar and Anikait Singh and Stephen Tian and Chelsea Finn and Sergey Levine},
      year={2021},
      eprint={2109.10813},
      archivePrefix={arXiv},
      primaryClass={cs.LG},
      url={https://arxiv.org/abs/2109.10813}, 
}

@inproceedings{ijcai2023,
  title     = {Guide to Control: Offline Hierarchical Reinforcement Learning Using Subgoal Generation for Long-Horizon and Sparse-Reward Tasks},
  author    = {Shin, Wonchul and Kim, Yusung},
  booktitle = {Proceedings of the Thirty-Second International Joint Conference on
               Artificial Intelligence, {IJCAI-23}},
  publisher = {International Joint Conferences on Artificial Intelligence Organization},
  editor    = {Edith Elkind},
  pages     = {4217--4225},
  year      = {2023},
  month     = {8},
  note      = {Main Track},
  doi       = {10.24963/ijcai.2023/469},
  url       = {https://doi.org/10.24963/ijcai.2023/469},
}

@misc{gurtler2023,
      title={Benchmarking Offline Reinforcement Learning on Real-Robot Hardware}, 
      author={Nico Gürtler and Sebastian Blaes and Pavel Kolev and Felix Widmaier and Manuel Wüthrich and Stefan Bauer and Bernhard Schölkopf and Georg Martius},
      year={2023},
      eprint={2307.15690},
      archivePrefix={arXiv},
      primaryClass={cs.LG},
      url={https://arxiv.org/abs/2307.15690}, 
}

@misc{liu2023,
      title={Datasets and Benchmarks for Offline Safe Reinforcement Learning}, 
      author={Zuxin Liu and Zijian Guo and Haohong Lin and Yihang Yao and Jiacheng Zhu and Zhepeng Cen and Hanjiang Hu and Wenhao Yu and Tingnan Zhang and Jie Tan and Ding Zhao},
      year={2023},
      eprint={2306.09303},
      archivePrefix={arXiv},
      primaryClass={cs.LG},
      url={https://arxiv.org/abs/2306.09303}, 
}

@article{mumini2022,
  title = {Data augmentation: A comprehensive survey of modern approaches},
  journal = {Array},
  volume = {16},
  pages = {100258},
  year = {2022},
  issn = {2590-0056},
  doi = {https://doi.org/10.1016/j.array.2022.100258},
  url = {https://www.sciencedirect.com/science/article/pii/S2590005622000911},
  author = {Alhassan Mumuni and Fuseini Mumuni}
}

@misc{laskin2020,
      title={Reinforcement Learning with Augmented Data}, 
      author={Michael Laskin and Kimin Lee and Adam Stooke and Lerrel Pinto and Pieter Abbeel and Aravind Srinivas},
      year={2020},
      eprint={2004.14990},
      archivePrefix={arXiv},
      primaryClass={cs.LG},
      url={https://arxiv.org/abs/2004.14990}, 
}

@misc{hansen2021,
      title={Generalization in Reinforcement Learning by Soft Data Augmentation}, 
      author={Nicklas Hansen and Xiaolong Wang},
      year={2021},
      eprint={2011.13389},
      archivePrefix={arXiv},
      primaryClass={cs.LG},
      url={https://arxiv.org/abs/2011.13389}, 
}

@misc{han2022,
  author={Han, Jungwoo and Kim, Jinwhan},
  booktitle={2022 22nd International Conference on Control, Automation and Systems (ICCAS)}, 
  title={Selective Data Augmentation for Improving the Performance of Offline Reinforcement Learning}, 
  year={2022},
  volume={},
  number={},
  pages={222-226},
  keywords={Automation;Training data;Reinforcement learning;Benchmark testing;Aerospace electronics;Control systems;Decoding;Offline Reinforcement Learning;Data Augmentation;Variational Auto Encoder},
  doi={10.23919/ICCAS55662.2022.10003747}
}

@ARTICLE{joo2022,
  author={Joo, Ho-Taek and Baek, In-Chang and Kim, Kyung-Joong},
  journal={IEEE Access}, 
  title={A Swapping Target Q-Value Technique for Data Augmentation in Offline Reinforcement Learning}, 
  year={2022},
  volume={10},
  number={},
  pages={57369-57382},
  keywords={Behavioral sciences;Games;Artificial intelligence;Training data;Q-learning;Medical services;Reinforcement learning;Offline reinforcement learning;data augmentation;generalization;Atari games},
  doi={10.1109/ACCESS.2022.3178194}}

@article{lin2020,
   title={Invariant Transform Experience Replay: Data Augmentation for Deep Reinforcement Learning},
   volume={5},
   ISSN={2377-3774},
   url={http://dx.doi.org/10.1109/LRA.2020.3013937},
   DOI={10.1109/lra.2020.3013937},
   number={4},
   journal={IEEE Robotics and Automation Letters},
   publisher={Institute of Electrical and Electronics Engineers (IEEE)},
   author={Lin, Yijiong and Huang, Jiancong and Zimmer, Matthieu and Guan, Yisheng and Rojas, Juan and Weng, Paul},
   year={2020},
   month=oct, pages={6615–6622}
}

@misc{wang2022,
    title={Bootstrapped Transformer for Offline Reinforcement Learning}, 
    author={Kerong Wang and Hanye Zhao and Xufang Luo and Kan Ren and Weinan Zhang and Dongsheng Li},
    year={2022},
    eprint={2206.08569},
    archivePrefix={arXiv},
    primaryClass={cs.LG},
    url={https://arxiv.org/abs/2206.08569}
}

@misc{kingma2013,
      title={Auto-Encoding Variational Bayes}, 
      author={Diederik P Kingma and Max Welling},
      year={2022},
      eprint={1312.6114},
      archivePrefix={arXiv},
      primaryClass={stat.ML},
      url={https://arxiv.org/abs/1312.6114}, 
}

@article{ha2018,
  doi = {10.5281/ZENODO.1207631},
  url = {https://zenodo.org/record/1207631},
  author = {Ha, David and Schmidhuber, Jürgen},
  title = {World Models},
  publisher = {Zenodo},
  year = {2018}
}

@misc{hafner2020,
      title={Dream to Control: Learning Behaviors by Latent Imagination}, 
      author={Danijar Hafner and Timothy Lillicrap and Jimmy Ba and Mohammad Norouzi},
      year={2020},
      eprint={1912.01603},
      archivePrefix={arXiv},
      primaryClass={cs.LG},
      url={https://arxiv.org/abs/1912.01603}, 
}

@misc{andersen2018,
      title={The Dreaming Variational Autoencoder for Reinforcement Learning Environments}, 
      author={Per-Arne Andersen and Morten Goodwin and Ole-Christoffer Granmo},
      year={2018},
      eprint={1810.01112},
      archivePrefix={arXiv},
      primaryClass={cs.LG},
      url={https://arxiv.org/abs/1810.01112}, 
}

@misc{sauer2021,
      title={Counterfactual Generative Networks}, 
      author={Axel Sauer and Andreas Geiger},
      year={2021},
      eprint={2101.06046},
      archivePrefix={arXiv},
      primaryClass={cs.LG},
      url={https://arxiv.org/abs/2101.06046}, 
}

@article{mertes2022,
   title={GANterfactual—Counterfactual Explanations for Medical Non-experts Using Generative Adversarial Learning},
   volume={5},
   ISSN={2624-8212},
   url={http://dx.doi.org/10.3389/frai.2022.825565},
   DOI={10.3389/frai.2022.825565},
   journal={Frontiers in Artificial Intelligence},
   publisher={Frontiers Media SA},
   author={Mertes, Silvan and Huber, Tobias and Weitz, Katharina and Heimerl, Alexander and André, Elisabeth},
   year={2022},
   month=apr }

@misc{lu2020,
      title={Sample-Efficient Reinforcement Learning via Counterfactual-Based Data Augmentation}, 
      author={Chaochao Lu and Biwei Huang and Ke Wang and José Miguel Hernández-Lobato and Kun Zhang and Bernhard Schölkopf},
      year={2020},
      eprint={2012.09092},
      archivePrefix={arXiv},
      primaryClass={cs.LG},
      url={https://arxiv.org/abs/2012.09092}, 
}

//*************//

//**Chapter 3**//

@book{Bishop:2008aa,
  added-at = {2016-11-26T13:19:29.000+0100},
  address = {New York},
  author = {Bishop, Christopher M.},
  biburl = {https://www.bibsonomy.org/bibtex/26e7feb560e1d6bc8b0b29a7bf59ae46d/machinelearning},
  date-added = {2008-11-26 20:55:31 -0800},
  date-modified = {2008-11-26 20:56:06 -0800},
  interhash = {c8fbe1e60fac48695b37eebb0643f8ae},
  intrahash = {6e7feb560e1d6bc8b0b29a7bf59ae46d},
  keywords = {imported ml},
  publisher = {Springer-Verlag},
  timestamp = {2016-11-26T13:20:49.000+0100},
  title = {Pattern Recognition and Machine Learning},
  year = 2008
}

@book{goodfellow2016deep,
  added-at = {2018-05-24T10:55:45.000+0200},
  author = {Goodfellow, I. and Bengio, Y. and Courville, A.},
  biburl = {https://www.bibsonomy.org/bibtex/2975fe325479fc52c9e4424bb15f54bc4/tobias.koopmann},
  description = {Deep Learning - Ian Goodfellow, Yoshua Bengio, Aaron Courville - Google Books},
  interhash = {62814dec510d5c55b0b38ad85a6c748d},
  intrahash = {975fe325479fc52c9e4424bb15f54bc4},
  isbn = {9780262035613},
  keywords = {deeplearning ma machinelearning},
  lccn = {2016022992},
  publisher = {MIT Press},
  series = {Adaptive computation and machine learning},
  timestamp = {2018-05-24T10:55:45.000+0200},
  title = {Deep Learning},
  url = {https://books.google.co.in/books?id=Np9SDQAAQBAJ},
  year = 2016
}

@article{HORNIK1989359,
  title = {Multilayer feedforward networks are universal approximators},
  journal = {Neural Networks},
  volume = {2},
  number = {5},
  pages = {359-366},
  year = {1989},
  issn = {0893-6080},
  doi = {https://doi.org/10.1016/0893-6080(89)90020-8},
  url = {https://www.sciencedirect.com/science/article/pii/0893608089900208},
  author = {Kurt Hornik and Maxwell Stinchcombe and Halbert White},
  keywords = {Feedforward networks, Universal approximation, Mapping networks, Network representation capability, Stone-Weierstrass Theorem, Squashing functions, Sigma-Pi networks, Back-propagation networks},
}

@book{sutton1998,
  added-at = {2009-10-23T10:49:34.000+0200},
  author = {Sutton, Richard S. and Barto, Andrew G.},
  biburl = {https://www.bibsonomy.org/bibtex/222063d43301bdff5387f812f3d59499b/gerhard.wohlgenannt},
  description = {phd thesis version 2009-10-23},
  howpublished = {Hardcover},
  interhash = {9369ad4b6ab9e5aa15fb456143e9a09d},
  intrahash = {22063d43301bdff5387f812f3d59499b},
  isbn = {0262193981},
  keywords = {imported},
  month = {March},
  publisher = {The MIT Press},
  timestamp = {2009-10-23T10:49:38.000+0200},
  title = {Reinforcement Learning: An Introduction},
  url = {http://www.amazon.ca/exec/obidos/redirect?tag=citeulike09-20\&amp;path=ASIN/0262193981},
  year = 1998
}

@book{zhao2024RLBook,
  title={Mathematical Foundations of Reinforcement Learning},
  author={S. Zhao},
  year={2024},
  publisher={Springer Nature Press}
}

@misc{openaiPartKinds,
	author = {OpenAI},
	title = {{P}art 2: {K}inds of {R}{L} {A}lgorithms - {S}pinning {U}p documentation --- spinningup.openai.com},
	howpublished = {\url{https://spinningup.openai.com/en/latest/spinningup/rl_intro2.html}},
	year = {2018},
	note = {[Accessed 30-06-2024]},
}

@misc{goodfellow2014,
  title={Generative Adversarial Networks}, 
  author={Ian J. Goodfellow and Jean Pouget-Abadie and Mehdi Mirza and Bing Xu and David Warde-Farley and Sherjil Ozair and Aaron Courville and Yoshua Bengio},
  year={2014},
  eprint={1406.2661},
  archivePrefix={arXiv},
  primaryClass={stat.ML},
  url={https://arxiv.org/abs/1406.2661}, 
}

@misc{donahue2017,
  title={Adversarial Feature Learning}, 
  author={Jeff Donahue and Philipp Krähenbühl and Trevor Darrell},
  year={2017},
  eprint={1605.09782},
  archivePrefix={arXiv},
  primaryClass={cs.LG},
  url={https://arxiv.org/abs/1605.09782}, 
}

@misc{mirza2014,
  title={Conditional Generative Adversarial Nets}, 
  author={Mehdi Mirza and Simon Osindero},
  year={2014},
  eprint={1411.1784},
  archivePrefix={arXiv},
  primaryClass={cs.LG},
  url={https://arxiv.org/abs/1411.1784}, 
}

@misc{jaiswal2018,
  title={Bidirectional Conditional Generative Adversarial Networks}, 
  author={Ayush Jaiswal and Wael AbdAlmageed and Yue Wu and Premkumar Natarajan},
  year={2018},
  eprint={1711.07461},
  archivePrefix={arXiv},
  primaryClass={cs.LG},
  url={https://arxiv.org/abs/1711.07461}, 
}

@misc{gulrajani2017,
      title={Improved Training of Wasserstein GANs}, 
      author={Ishaan Gulrajani and Faruk Ahmed and Martin Arjovsky and Vincent Dumoulin and Aaron Courville},
      year={2017},
      eprint={1704.00028},
      archivePrefix={arXiv},
      primaryClass={cs.LG},
      url={https://arxiv.org/abs/1704.00028}, 
}

@misc{Neal_2020a,
  title={Introduction to causal inference},
  url={https://www.bradyneal.com/causal-inference-course},
  journal={Brady Neal - Causality Blog - Brady Neal’s personal website and blog about causal inference and machine learning.},
  author={Neal, Brady},
  year={2020},
  month={Dec}
} 

@book{pearl1988,
  author = {Pearl, Judea},
  title = {Probabilistic Reasoning in Intelligent Systems: Networks of Plausible Inference},
  year = {1988},
  isbn = {1558604790},
  publisher = {Morgan Kaufmann Publishers Inc.},
  address = {San Francisco, CA, USA}
}

//*************//

//**Chapter 4**//